<?xml version="1.0" encoding="UTF-8"?><record xmlns="http://www.loc.gov/MARC21/slim" xmlns:cinclude="http://apache.org/cocoon/include/1.0" xmlns:zs="http://www.loc.gov/zing/srw/">
  <leader>00506nz  a2200145n  4500</leader>
  <controlfield tag="001">no2011058311</controlfield>
  <controlfield tag="003">DLC</controlfield>
  <controlfield tag="005">20110414075354.0</controlfield>
  <controlfield tag="008">110412n| acannaabn          |n aaa     c</controlfield>
  <datafield tag="010" ind1=" " ind2=" ">
    <subfield code="a">no2011058311</subfield>
  </datafield>
  <datafield tag="035" ind1=" " ind2=" ">
    <subfield code="a">(OCoLC)oca08826986</subfield>
  </datafield>
  <datafield tag="040" ind1=" " ind2=" ">
    <subfield code="a">IlMchBWI</subfield>
    <subfield code="b">eng</subfield>
    <subfield code="c">IlMchBWI</subfield>
  </datafield>
  <datafield tag="100" ind1="1" ind2=" ">
    <subfield code="a">Ferguson, Antony</subfield>
  </datafield>
  <datafield tag="670" ind1=" " ind2=" ">
    <subfield code="a">Why the West rules--for now [SR], p2010:</subfield>
    <subfield code="b">container (Read by Antony Ferguson)</subfield>
  </datafield>
  <datafield tag="670" ind1=" " ind2=" ">
    <subfield code="a">His website, Ap. 12, 2011</subfield>
    <subfield code="b">(Antony Ferguson ; British born actor ; Theatre, TV and Film ; voice over credits)</subfield>
  </datafield>
</record>